@article{wu2023autogen,
    title={AutoGen: Enabling Next-Gen LLM Applications via Multi-Agent Conversation},
    author={Wu, Qingyun and Bansal, Gagan and Zhang, Jieyu and Wu, Yiran and Li, Beibin and Zhu, Erkang and Zhu, Li and Zhang, Aman and Wang, Shaokun and Liu, Jiayi and others},
    journal={arXiv preprint arXiv:2308.08155},
    year={2023}
}

@article{li2023camel,
    title={CAMEL: Communicative Agents for "Mind" Exploration of Large Language Model Society},
    author={Li, Guohao and Hammoud, Hasan Abed Al Kader and Itani, Hani and Khizbullin, Dmitrii and Ghanem, Bernard},
    journal={arXiv preprint arXiv:2303.17760},
    year={2023}
}

@article{chen2023chatarena,
    title={ChatArena: Multi-Agent Language Game Environments for Large Language Models},
    author={Chen, Xuanyu and Huang, Jianhao and Han, Shihan and Shao, Zhenhailong and Ma, Shaoguang and Fang, Feiyang and Shi, Tao and Xiong, Haizhou},
    journal={arXiv preprint arXiv:2309.05508},
    year={2023}
}

@techreport{anthropic2024mcp,
    title={Model Context Protocol Specification},
    author={Anthropic},
    year={2024},
    institution={Anthropic}
}

@inproceedings{yeh2024analyzing,
    title={Analyzing Multi-Agent Dialogue Patterns in Large Language Models},
    author={Yeh, Catherine and Zhou, Weixin and Chen, Robust},
    booktitle={Proceedings of the 2024 Conference on Empirical Methods in Natural Language Processing},
    year={2024}
}